<record><leader>00000cas a22000007a 4500</leader><controlfield tag="001">35966109</controlfield><controlfield tag="008">961120d19021906okuwr n       0    0eng d</controlfield><datafield ind1=" " ind2=" " tag="010"><subfield code="a">sn 96093217 </subfield></datafield><datafield ind1=" " ind2=" " tag="040"><subfield code="a">OBN</subfield><subfield code="b">eng</subfield><subfield code="c">OBN</subfield><subfield code="d">OCLCQ</subfield><subfield code="d">OCLCF</subfield><subfield code="d">OCLCO</subfield></datafield><datafield ind1="1" ind2=" " tag="029"><subfield code="a">AU@</subfield><subfield code="b">000012971893</subfield></datafield><datafield ind1=" " ind2=" " tag="042"><subfield code="a">msc</subfield></datafield><datafield ind1=" " ind2=" " tag="043"><subfield code="a">n-us-ok</subfield></datafield><datafield ind1="0" ind2="4" tag="245"><subfield code="a">The Hobart news-republican.</subfield></datafield><datafield ind1=" " ind2=" " tag="260"><subfield code="a">Hobart, Okla. :</subfield><subfield code="b">Omer K. Benedict</subfield></datafield><datafield ind1=" " ind2=" " tag="300"><subfield code="a">v.</subfield></datafield><datafield ind1=" " ind2=" " tag="310"><subfield code="a">Weekly</subfield></datafield><datafield ind1="0" ind2=" " tag="362"><subfield code="a">Vol. 1, no. 40 (Apr. 18, 1902)-v. 6, no. 9 (Oct. 5, 1906).</subfield></datafield><datafield ind1=" " ind2=" " tag="500"><subfield code="a">"Consolidation of the Kiowa Herald, Hobart Republican and the Hobart News."</subfield></datafield><datafield ind1=" " ind2="0" tag="651"><subfield code="a">Hobart (Okla.)</subfield><subfield code="v">Newspapers.</subfield></datafield><datafield ind1=" " ind2="0" tag="651"><subfield code="a">Kiowa County (Okla.)</subfield><subfield code="v">Newspapers.</subfield></datafield><datafield ind1=" " ind2="7" tag="655"><subfield code="a">Newspapers.</subfield><subfield code="2">fast</subfield><subfield code="0">(OCoLC)fst01423814</subfield></datafield><datafield ind1=" " ind2="7" tag="651"><subfield code="a">Oklahoma</subfield><subfield code="z">Hobart.</subfield><subfield code="2">fast</subfield><subfield code="0">(OCoLC)fst01206767</subfield></datafield><datafield ind1=" " ind2="7" tag="651"><subfield code="a">Oklahoma</subfield><subfield code="z">Kiowa County.</subfield><subfield code="2">fast</subfield><subfield code="0">(OCoLC)fst01207057</subfield></datafield><datafield ind1=" " ind2=" " tag="752"><subfield code="a">United States</subfield><subfield code="b">Oklahoma</subfield><subfield code="c">Kiowa</subfield><subfield code="d">Hobart.</subfield></datafield><datafield ind1="0" ind2=" " tag="775"><subfield code="t">Hobart daily news-republican</subfield><subfield code="w">(DLC)sn 96093219</subfield><subfield code="w">(OCoLC)35966171</subfield></datafield><datafield ind1="0" ind2="4" tag="780"><subfield code="t">Hobart republican (Hobart, Okla. : 1901)</subfield><subfield code="w">(DLC)sn 90066553</subfield><subfield code="w">(OCoLC)17689802</subfield></datafield><datafield ind1="0" ind2="4" tag="780"><subfield code="t">Hobart news (Hobart, Okla.)</subfield></datafield><datafield ind1="0" ind2="0" tag="785"><subfield code="t">Hobart democrat</subfield><subfield code="w">(DLC)sn 96093218</subfield><subfield code="w">(OCoLC)35966127</subfield></datafield></record>